%YAML 1.1
%TAG !u! tag:unity3d.com,2011:
--- !u!1001 &100100000
Prefab:
  m_ObjectHideFlags: 1
  serializedVersion: 2
  m_Modification:
    m_TransformParent: {fileID: 0}
    m_Modifications: []
    m_RemovedComponents: []
  m_ParentPrefab: {fileID: 0}
  m_RootGameObject: {fileID: 1702763697946068}
  m_IsPrefabParent: 1
--- !u!1 &1279292518054484
GameObject:
  m_ObjectHideFlags: 0
  m_PrefabParentObject: {fileID: 0}
  m_PrefabInternal: {fileID: 100100000}
  serializedVersion: 5
  m_Component:
  - component: {fileID: 4707697282745726}
  m_Layer: 9
  m_Name: SitSpot
  m_TagString: Untagged
  m_Icon: {fileID: 0}
  m_NavMeshLayer: 0
  m_StaticEditorFlags: 0
  m_IsActive: 1
--- !u!1 &1549056593472322
GameObject:
  m_ObjectHideFlags: 0
  m_PrefabParentObject: {fileID: 0}
  m_PrefabInternal: {fileID: 100100000}
  serializedVersion: 5
  m_Component:
  - component: {fileID: 4058633427164462}
  - component: {fileID: 114435138686316896}
  m_Layer: 9
  m_Name: StudentSitSpot0
  m_TagString: Untagged
  m_Icon: {fileID: 0}
  m_NavMeshLayer: 0
  m_StaticEditorFlags: 0
  m_IsActive: 1
--- !u!1 &1702763697946068
GameObject:
  m_ObjectHideFlags: 0
  m_PrefabParentObject: {fileID: 0}
  m_PrefabInternal: {fileID: 100100000}
  serializedVersion: 5
  m_Component:
  - component: {fileID: 4190536470865260}
  - component: {fileID: 65679949305566538}
  - component: {fileID: 114633692532050244}
  m_Layer: 9
  m_Name: OutdoorBench
  m_TagString: Untagged
  m_Icon: {fileID: 0}
  m_NavMeshLayer: 0
  m_StaticEditorFlags: 0
  m_IsActive: 1
--- !u!1 &1767062357379748
GameObject:
  m_ObjectHideFlags: 0
  m_PrefabParentObject: {fileID: 0}
  m_PrefabInternal: {fileID: 100100000}
  serializedVersion: 5
  m_Component:
  - component: {fileID: 4303337413102558}
  - component: {fileID: 114110251042409802}
  m_Layer: 9
  m_Name: Prompt
  m_TagString: Prompt
  m_Icon: {fileID: 0}
  m_NavMeshLayer: 0
  m_StaticEditorFlags: 4294967295
  m_IsActive: 1
--- !u!1 &1818552939038450
GameObject:
  m_ObjectHideFlags: 0
  m_PrefabParentObject: {fileID: 0}
  m_PrefabInternal: {fileID: 100100000}
  serializedVersion: 5
  m_Component:
  - component: {fileID: 4571233744482860}
  - component: {fileID: 33850274374994630}
  - component: {fileID: 23996294991452266}
  m_Layer: 9
  m_Name: Mesh
  m_TagString: Untagged
  m_Icon: {fileID: 0}
  m_NavMeshLayer: 0
  m_StaticEditorFlags: 0
  m_IsActive: 1
--- !u!1 &1893205574149792
GameObject:
  m_ObjectHideFlags: 0
  m_PrefabParentObject: {fileID: 0}
  m_PrefabInternal: {fileID: 100100000}
  serializedVersion: 5
  m_Component:
  - component: {fileID: 4313180961089874}
  - component: {fileID: 114360461524312528}
  m_Layer: 9
  m_Name: StudentSitSpot1
  m_TagString: Untagged
  m_Icon: {fileID: 0}
  m_NavMeshLayer: 0
  m_StaticEditorFlags: 0
  m_IsActive: 1
--- !u!4 &4058633427164462
Transform:
  m_ObjectHideFlags: 1
  m_PrefabParentObject: {fileID: 0}
  m_PrefabInternal: {fileID: 100100000}
  m_GameObject: {fileID: 1549056593472322}
  m_LocalRotation: {x: -0, y: 0.7071068, z: -0, w: 0.7071068}
  m_LocalPosition: {x: 0.553533, y: 0.0109107485, z: -1.027}
  m_LocalScale: {x: 6.273193, y: 0.12678571, z: 0.98669094}
  m_Children: []
  m_Father: {fileID: 4190536470865260}
  m_RootOrder: 3
  m_LocalEulerAnglesHint: {x: 0, y: -90, z: 0}
--- !u!4 &4190536470865260
Transform:
  m_ObjectHideFlags: 1
  m_PrefabParentObject: {fileID: 0}
  m_PrefabInternal: {fileID: 100100000}
  m_GameObject: {fileID: 1702763697946068}
  m_LocalRotation: {x: -0, y: -0, z: -0, w: 1}
  m_LocalPosition: {x: -5.7, y: 0, z: 3.5}
  m_LocalScale: {x: 0.42, y: 0.42, z: 0.42}
  m_Children:
  - {fileID: 4571233744482860}
  - {fileID: 4303337413102558}
  - {fileID: 4707697282745726}
  - {fileID: 4058633427164462}
  - {fileID: 4313180961089874}
  m_Father: {fileID: 0}
  m_RootOrder: 0
  m_LocalEulerAnglesHint: {x: 0, y: 180, z: 0}
--- !u!4 &4303337413102558
Transform:
  m_ObjectHideFlags: 1
  m_PrefabParentObject: {fileID: 0}
  m_PrefabInternal: {fileID: 100100000}
  m_GameObject: {fileID: 1767062357379748}
  m_LocalRotation: {x: -0, y: 1, z: -0, w: 0}
  m_LocalPosition: {x: -0.1815512, y: 1.9874998, z: 0}
  m_LocalScale: {x: 0.98669046, y: 0.12678571, z: 6.2731895}
  m_Children: []
  m_Father: {fileID: 4190536470865260}
  m_RootOrder: 1
  m_LocalEulerAnglesHint: {x: 0, y: 0, z: 0}
--- !u!4 &4313180961089874
Transform:
  m_ObjectHideFlags: 1
  m_PrefabParentObject: {fileID: 0}
  m_PrefabInternal: {fileID: 100100000}
  m_GameObject: {fileID: 1893205574149792}
  m_LocalRotation: {x: 0.000000029802326, y: 0.70710677, z: 0.000000029802326, w: 0.70710677}
  m_LocalPosition: {x: 0.553533, y: 0.0109106675, z: 1.026996}
  m_LocalScale: {x: 6.2731934, y: 0.12678583, z: 0.98669016}
  m_Children: []
  m_Father: {fileID: 4190536470865260}
  m_RootOrder: 4
  m_LocalEulerAnglesHint: {x: 0, y: -90, z: 0}
--- !u!4 &4571233744482860
Transform:
  m_ObjectHideFlags: 1
  m_PrefabParentObject: {fileID: 0}
  m_PrefabInternal: {fileID: 100100000}
  m_GameObject: {fileID: 1818552939038450}
  m_LocalRotation: {x: -0.5, y: -0.5, z: -0.5, w: 0.5}
  m_LocalPosition: {x: 0, y: 0, z: 0}
  m_LocalScale: {x: 0.9, y: 0.9, z: 1.1}
  m_Children: []
  m_Father: {fileID: 4190536470865260}
  m_RootOrder: 0
  m_LocalEulerAnglesHint: {x: -90, y: 0, z: -90}
--- !u!4 &4707697282745726
Transform:
  m_ObjectHideFlags: 1
  m_PrefabParentObject: {fileID: 0}
  m_PrefabInternal: {fileID: 100100000}
  m_GameObject: {fileID: 1279292518054484}
  m_LocalRotation: {x: -0, y: 0.7071068, z: -0, w: 0.7071068}
  m_LocalPosition: {x: 0.553533, y: 0.0109107485, z: 0}
  m_LocalScale: {x: 6.273193, y: 0.12678571, z: 0.98669094}
  m_Children: []
  m_Father: {fileID: 4190536470865260}
  m_RootOrder: 2
  m_LocalEulerAnglesHint: {x: 0, y: -90, z: 0}
--- !u!23 &23996294991452266
MeshRenderer:
  m_ObjectHideFlags: 1
  m_PrefabParentObject: {fileID: 0}
  m_PrefabInternal: {fileID: 100100000}
  m_GameObject: {fileID: 1818552939038450}
  m_Enabled: 1
  m_CastShadows: 1
  m_ReceiveShadows: 1
  m_DynamicOccludee: 1
  m_MotionVectors: 1
  m_LightProbeUsage: 1
  m_ReflectionProbeUsage: 1
  m_Materials:
  - {fileID: 2100000, guid: 08988ff338015774d844efe15126b028, type: 2}
  - {fileID: 2100000, guid: 08d40911947346446831f120cc46cec7, type: 2}
  m_StaticBatchInfo:
    firstSubMesh: 0
    subMeshCount: 0
  m_StaticBatchRoot: {fileID: 0}
  m_ProbeAnchor: {fileID: 0}
  m_LightProbeVolumeOverride: {fileID: 0}
  m_ScaleInLightmap: 1
  m_PreserveUVs: 0
  m_IgnoreNormalsForChartDetection: 0
  m_ImportantGI: 0
  m_StitchLightmapSeams: 0
  m_SelectedEditorRenderState: 3
  m_MinimumChartSize: 4
  m_AutoUVMaxDistance: 0.5
  m_AutoUVMaxAngle: 89
  m_LightmapParameters: {fileID: 0}
  m_SortingLayerID: 0
  m_SortingLayer: 0
  m_SortingOrder: 0
--- !u!33 &33850274374994630
MeshFilter:
  m_ObjectHideFlags: 1
  m_PrefabParentObject: {fileID: 0}
  m_PrefabInternal: {fileID: 100100000}
  m_GameObject: {fileID: 1818552939038450}
  m_Mesh: {fileID: 4300000, guid: 19d595c12e8ecb24c979ed8169ed5c20, type: 3}
--- !u!65 &65679949305566538
BoxCollider:
  m_ObjectHideFlags: 1
  m_PrefabParentObject: {fileID: 0}
  m_PrefabInternal: {fileID: 100100000}
  m_GameObject: {fileID: 1702763697946068}
  m_Material: {fileID: 0}
  m_IsTrigger: 0
  m_Enabled: 1
  serializedVersion: 2
  m_Size: {x: 1, y: 2, z: 4}
  m_Center: {x: 0, y: 1, z: 0}
--- !u!114 &114110251042409802
MonoBehaviour:
  m_ObjectHideFlags: 1
  m_PrefabParentObject: {fileID: 0}
  m_PrefabInternal: {fileID: 100100000}
  m_GameObject: {fileID: 1767062357379748}
  m_Enabled: 1
  m_EditorHideFlags: 0
  m_Script: {fileID: 11500000, guid: 0642f3336d0a12d48b48ed6ae77175f6, type: 3}
  m_Name: 
  m_EditorClassIdentifier: 
  info:
  - renderType: 0
    fillSpeed: 2
    OnFill:
      m_PersistentCalls:
        m_Calls:
        - m_Target: {fileID: 114633692532050244}
          m_MethodName: sitOnBench
          m_Mode: 1
          m_Arguments:
            m_ObjectArgument: {fileID: 0}
            m_ObjectArgumentAssemblyTypeName: UnityEngine.Object, UnityEngine
            m_IntArgument: 0
            m_FloatArgument: 0
            m_StringArgument: 
            m_BoolArgument: 0
          m_CallState: 2
      m_TypeName: UnityEngine.Events.UnityEvent, UnityEngine.CoreModule, Version=0.0.0.0,
        Culture=neutral, PublicKeyToken=null
    OnFillStart:
      m_PersistentCalls:
        m_Calls: []
      m_TypeName: UnityEngine.Events.UnityEvent, UnityEngine.CoreModule, Version=0.0.0.0,
        Culture=neutral, PublicKeyToken=null
    OnFillEnd:
      m_PersistentCalls:
        m_Calls: []
      m_TypeName: UnityEngine.Events.UnityEvent, UnityEngine.CoreModule, Version=0.0.0.0,
        Culture=neutral, PublicKeyToken=null
    fillAfterFinished: 0
    promptOffset: {x: 0, y: 0, z: 0}
    promptText: Sit down
    promptKey: Interact
  maxDistance: 1.25
  active: 1
--- !u!114 &114360461524312528
MonoBehaviour:
  m_ObjectHideFlags: 1
  m_PrefabParentObject: {fileID: 0}
  m_PrefabInternal: {fileID: 100100000}
  m_GameObject: {fileID: 1893205574149792}
  m_Enabled: 1
  m_EditorHideFlags: 0
  m_Script: {fileID: 11500000, guid: 82c728e1f45364743aa45f43365ac0fb, type: 3}
  m_Name: 
  m_EditorClassIdentifier: 
  actionOnArrival: 1
--- !u!114 &114435138686316896
MonoBehaviour:
  m_ObjectHideFlags: 1
  m_PrefabParentObject: {fileID: 0}
  m_PrefabInternal: {fileID: 100100000}
  m_GameObject: {fileID: 1549056593472322}
  m_Enabled: 1
  m_EditorHideFlags: 0
  m_Script: {fileID: 11500000, guid: 82c728e1f45364743aa45f43365ac0fb, type: 3}
  m_Name: 
  m_EditorClassIdentifier: 
  actionOnArrival: 1
--- !u!114 &114633692532050244
MonoBehaviour:
  m_ObjectHideFlags: 1
  m_PrefabParentObject: {fileID: 0}
  m_PrefabInternal: {fileID: 100100000}
  m_GameObject: {fileID: 1702763697946068}
  m_Enabled: 1
  m_EditorHideFlags: 0
  m_Script: {fileID: 11500000, guid: 580a2460192b21a42bf7280a6e00446f, type: 3}
  m_Name: 
  m_EditorClassIdentifier: 
  prompt: {fileID: 114110251042409802}
  spot: {fileID: 4707697282745726}
